
@Misc{stanf:cs229,  
howpublished = {\url{http://cs229.stanford.edu/notes/cs229-notes2.pdf}},  
note = {Stanford-CS229, 2012},  
title = {cs229-notes2},  
author = {Andrew Ng},
year = {2012},  
} 

@book{LiHang:Statistic,
  title={统计学习方法},
  author={李航},
  publisher={清华大学出版社},
  year={2012},
 keywords={机器学习},
}


@Misc{nb:py,  
howpublished = {\url{https://blog.csdn.net/suiyingy/article/details/53167364}},  
note = {Blog, 2016},  
title = { Python 朴素贝叶斯（Naive Bayes）分类},  
author = {September}},
year = {2016},  
}  
