@book{LiHang:Statistic,
  title={统计学习方法},
  author={李航},
  publisher={清华大学出版社},
  year={2012},
 keywords={机器学习},
}

@inproceedings{Platt:Platt1998Sequential,
  title={Sequential Minimal Optimization: A Fast Algorithm for Training Support Vector Machines},
  author={Platt, John C.},
  booktitle={Advances in Kernel Methods-support Vector Learning},
  pages={págs. 212-223},
  year={1998},
 keywords={Support;Vector;MACHINE;John;Platt;Microsoft;Research},
}

@Misc{svm:derivation,  
howpublished = {\url{http://blog.csdn.net/v_july_v/article/details/7624837}},  
note = {Blog, 2012},  
title = {理解 SVM 的三层境界},  
author = {July},
year = {2012},  
}  



@Misc{alpha:derive,  
howpublished = {\url{http://blog.sina.com.cn/s/blog_4298002e010144k8.html}},  
note = {Blog, 2012},  
title = {支持向量机（SVM）的详细推导过程及注解（一）},  
author = {风之忧伤},
year = {2012},  
}  