
@Misc{stanf:cs229,  
howpublished = {\url{http://cs229.stanford.edu/notes/cs229-notes7a.pdf}},  
note = {Stanford-CS229, 2012},  
title = {cs229-notes7a},  
author = {Andrew Ng},
year = {2012},  
} 

@Misc{kmeans:implement,  
howpublished = {\url{http://blog.csdn.net/zouxy09/article/details/17589329}},  
note = {Blog, 2013},  
title = {机器学习算法与Python实践之（五）k均值聚类（k-means）},  
author = {zouxy09},
year = {2013},  
} 