@Misc{lr:implement,  
howpublished = {\url{http://blog.csdn.net/zjsghww/article/details/55211530}},  
note = {CSDNBlog, 2017},  
title = {Logistic Regression 原理及推导 python实现},  
author = {Maggie张张},
year = {2017},  
} 