
@Misc{stanf:cs229,  
howpublished = {\url{http://cs229.stanford.edu/notes/cs229-notes2.pdf}},  
note = {Stanford-CS229, 2012},  
title = {cs229-notes2},  
author = {Andrew Ng},
year = {2012},  
} 

@book{LiHang:Statistic,
  title={统计学习方法},
  author={李航},
  publisher={清华大学出版社},
  year={2012},
 keywords={机器学习},
}


@Misc{mcmc:Liu,  
howpublished = {\url{https://zhuanlan.zhihu.com/p/30003899}},  
note = {Blog, 2017},  
title = { MCMC采样},  
author = {刘建平Pinard}}},
year = {2017},  
}  



@Misc{mcmc:Xu,  
howpublished = {\url{https://blog.csdn.net/ustbxy/article/details/45458725}},  
note = {Blog, 2015},  
title = {抽样方法},  
author = {徐晔烨}}},
year = {2015},  
}  