
@Misc{stanf:cs229,  
howpublished = {\url{http://cs229.stanford.edu/notes/cs229-notes7b.pdf}},  
note = {Stanford-CS229, 2012},  
title = {cs229-notes7a},  
author = {Andrew Ng},
year = {2012},  
} 

@Misc{gmm:kmeans,  
howpublished = {\url{http://blog.csdn.net/xmu_jupiter/article/details/50889023}},  
note = {Blog, 2016},  
title = {高斯混合模型的终极理解},  
author = {Orange先生},
year = {2016},  
} 

@book{LiHang:Statistic,
  title={统计学习方法},
  author={李航},
  publisher={清华大学出版社},
  year={2012},
 keywords={机器学习},
}
